% 202211-research-report.bib

@article{Herlihy:TOPLAS90,
  author     = {Herlihy, Maurice P. and Wing, Jeannette M.},
  title      = {Linearizability: A Correctness Condition for Concurrent Objects},
  journal    = {ACM Trans. Program. Lang. Syst.},
  issue_date = {July 1990},
  volume     = {12},
  number     = {3},
  month      = jul,
  year       = {1990},
  issn       = {0164-0925},
  pages      = {463--492},
  numpages   = {30},
  url        = {http://doi.acm.org/10.1145/78969.78972},
  doi        = {10.1145/78969.78972},
  acmid      = {78972},
  publisher  = {ACM},
  address    = {New York, NY, USA}
} 

@inproceedings{Burckhardt:POPL14,
  author    = {Burckhardt, Sebastian and Gotsman, Alexey and Yang, Hongseok and Zawirski, Marek},
  title     = {Replicated Data Types: Specification, Verification, Optimality},
  booktitle = {Proceedings of the 41st ACM SIGPLAN-SIGACT Symposium on Principles of Programming Languages},
  series    = {POPL '14},
  year      = {2014},
  isbn      = {978-1-4503-2544-8},
  location  = {San Diego, California, USA},
  pages     = {271--284},
  numpages  = {14},
  url       = {http://doi.acm.org/10.1145/2535838.2535848},
  doi       = {10.1145/2535838.2535848},
  acmid     = {2535848},
  publisher = {ACM},
  address   = {New York, NY, USA}
} 

@techreport{Shapiro:TR11,
  title       = {{A comprehensive study of Convergent and Commutative Replicated Data Types}},
  author      = {Shapiro, Marc and Pregui{\c c}a, Nuno and Baquero, Carlos and Zawirski, Marek},
  url         = {https://hal.inria.fr/inria-00555588},
  type        = {Research Report},
  number      = {RR-7506},
  pages       = {50},
  institution = {{Inria -- Centre Paris-Rocquencourt ; INRIA}},
  year        = {2011},
  month       = Jan,
  keywords    = {eventual consistency ; optimistic replication ; replicated data types ; distributed algorithms ; distributed systems ; Data replication ; commutative operations},
  pdf         = {https://hal.inria.fr/inria-00555588/file/techreport.pdf},
  hal_id      = {inria-00555588},
  hal_version = {v1}
}

@article{Guerraoui:TCDE2016,
  author  = {Guerraoui, Rachid and Pavlovic, Matej and Seredinschi, Dragos-Adrian},
  title   = {Trade-offs in Replicated Systems},
  journal = {{IEEE} Data Eng. Bull.},
  volume  = {39},
  number  = {1},
  month   = mar,
  year    = {2016},
  pages   = {14--26}
}

@article{Lamport:TC79,
  author  = {Lamport, Leslie},
  title   = {How to Make a Multiprocessor Computer That Correctly Executes Multiprocess Programs},
  journal = {IEEE Trans. Comput.},
  volume  = {28},
  number  = {9},
  month   = sep,
  year    = {1979},
  pages   = {690--691}
}

@article{Lamport:DC86,
  author  = {Lamport, Leslie},
  title   = {On interprocess communication (Part II: algorithms)},
  journal = {Distrib. Comput.},
  volume  = {1},
  number  = {2},
  year    = {1986},
  pages   = {86--101}
}

@inproceedings{Terry:SOSP95,
  author    = {Terry, Douglas B. and Theimer, Marvin M. and Petersen, Karin and Demers, Alan J. and Spreitzer, Mike J. and Hauser, Carl H.},
  title     = {Managing Update Conflicts in Bayou, a Weakly Connected Replicated Storage System},
  booktitle = {Proceedings of the 15th ACM Symposium on Operating Systems Principles},
  series    = {SOSP '95},
  year      = {1995},
  pages     = {172--182},
  publisher = {ACM}
}

@inproceedings{Brewer:PODC2000,
  author    = {Eric Brewer},
  title     = {Towards robust distributed systems},
  booktitle = {Proceedings of the annual ACM SIGACT-SIGOPS Symposium on Principles of Distributed Computing (Invited Talk)},
  series    = {PODC '00},
  month     = jul,
  year      = {2000}
}

% pacelc tradeoff
@article{Abadi:Computer2012,
  author  = {Daniel Abadi},
  title   = {Consistency Tradeoffs in Modern Distributed Database System Design},
  journal = {IEEE Computer},
  volume  = {45},
  number  = {2},
  year    = {2012},
  pages   = {37--42}
}

@article{Facebook:OSR2010,
  author    = {Lakshman, Avinash and Malik, Prashant},
  title     = {Cassandra: A Decentralized Structured Storage System},
  journal   = {SIGOPS Oper. Syst. Rev.},
  volume    = {44},
  number    = {2},
  month     = apr,
  year      = {2010},
  pages     = {35--40},
  publisher = {ACM}
}

@article{Steinke:JACM2004,
  author  = {Steinke, Robert C. and Nutt, Gary J.},
  title   = {A Unified Theory of Shared Memory Consistency},
  journal = {J. ACM},
  volume  = {51},
  number  = {5},
  month   = sep,
  year    = {2004},
  pages   = {800--849}
}

@phdthesis{Adya:Thesis1999,
  author = {Adya, Atul},
  title  = {Weak Consistency: A Generalized Theory and Optimistic Implementations for Distributed Transactions},
  year   = {1999},
  school = {Massachusetts Institute of Technology}
}

@inproceedings{Amazon:SOSP2007,
  author    = {DeCandia, Giuseppe and Hastorun, Deniz and Jampani, Madan and Kakulapati, Gunavardhan and Lakshman, Avinash and Pilchin, Alex and Sivasubramanian, Swaminathan and Vosshall, Peter and Vogels, Werner},
  title     = {Dynamo: Amazon's Highly Available Key-value Store},
  booktitle = {Proceedings of 21st ACM SIGOPS Symposium on Operating Systems Principles},
  series    = {SOSP '07},
  year      = {2007},
  pages     = {205--220},
  publisher = {ACM}
}

@article{Vogels:CACM2009,
  author    = {Vogels, Werner},
  title     = {Eventually Consistent},
  journal   = {Commun. ACM},
  volume    = {52},
  number    = {1},
  month     = jan,
  year      = {2009},
  pages     = {40--44},
  publisher = {ACM}
}

@inproceedings{Dutta:PODC2004,
  author    = {Dutta, Partha and Guerraoui, Rachid and Levy, Ron R. and Chakraborty, Arindam},
  title     = {How Fast Can a Distributed Atomic Read Be?},
  booktitle = {Proceedings of the 23rd Annual ACM Symposium on Principles of Distributed Computing},
  year      = {2004},
  pages     = {236--245}
}

@article{Attiya:JACM1995,
  author    = {Attiya, Hagit and Bar-Noy, Amotz and Dolev, Danny},
  title     = {Sharing Memory Robustly in Message-passing Systems},
  journal   = {J. ACM},
  volume    = {42},
  number    = {1},
  month     = jan,
  year      = {1995},
  pages     = {124--142},
  publisher = {ACM}
}

@inproceedings{Elnikety:SRDS2005,
  author    = {Elnikety, Sameh and Zwaenepoel, Willy and Pedone, Fernando},
  title     = {Database Replication Using Generalized Snapshot Isolation},
  booktitle = {Proceedings of the 24th IEEE Symposium on Reliable Distributed Systems},
  series    = {SRDS '05},
  year      = {2005},
  pages     = {73--84},
  publisher = {IEEE Computer Society}
}

@inproceedings{Sovran:SOSP2011,
  author    = {Sovran, Yair and Power, Russell and Aguilera, Marcos K. and Li, Jinyang},
  title     = {Transactional Storage for Geo-replicated Systems},
  booktitle = {Proceedings of the 23rd ACM Symposium on Operating Systems Principles},
  series    = {SOSP '11},
  year      = {2011},
  pages     = {385--400},
  publisher = {ACM}
}

@inproceedings{Ardekani:SRDS2013,
  author    = {Ardekani, Masoud Saeida and Sutra, Pierre and Shapiro, Marc},
  title     = {Non-monotonic Snapshot Isolation: Scalable and Strong Consistency for Geo-replicated Transactional Systems},
  booktitle = {Proceedings of the 32nd IEEE International Symposium on Reliable Distributed Systems},
  series    = {SRDS '13},
  year      = {2013},
  pages     = {163--172},
  publisher = {IEEE Computer Society}
}

@inproceedings{Berenson:SIGMOD1995,
  author    = {Berenson, Hal and Bernstein, Phil and Gray, Jim and Melton, Jim and O'Neil, Elizabeth and O'Neil, Patrick},
  title     = {A Critique of ANSI SQL Isolation Levels},
  booktitle = {Proceedings of the 1995 ACM SIGMOD International Conference on Management of Data},
  series    = {SIGMOD '95},
  year      = {1995},
  pages     = {1--10},
  publisher = {ACM}
}

@inproceedings{Li:OSDI2012,
  author    = {Li, Cheng and Porto, Daniel and Clement, Allen and Gehrke, Johannes and Pregui\c{c}a, Nuno and Rodrigues, Rodrigo},
  title     = {Making Geo-replicated Systems Fast As Possible, Consistent when Necessary},
  booktitle = {Proceedings of the 10th USENIX Conference on Operating Systems Design and Implementation},
  series    = {OSDI '12},
  year      = {2012},
  pages     = {265--278},
  publisher = {USENIX Association}
} 

@article{Gibbons:SICOMP97,
  author  = {Gibbons, Phillip B. and Korach, Ephraim},
  title   = {Testing shared memories},
  journal = {SIAM J. Comput.},
  volume  = {26},
  number  = {4},
  month   = aug,
  year    = {1997},
  pages   = {1208--1244}
}

@inproceedings{Attiya:PODC2016,
  title     = {Specification and complexity of collaborative text editing},
  author    = {Attiya, Hagit and Burckhardt, Sebastian and Gotsman, Alexey and Morrison, Adam and Yang, Hongseok and Zawirski, Marek},
  booktitle = {Proceedings of the 2016 ACM Symposium on Principles of Distributed Computing},
  series    = {PODC '16},
  pages     = {259--268},
  year      = {2016},
  publisher = {ACM}
}

@article{Viotti:CSUR2016,
  author     = {Viotti, Paolo and Vukoli\'{c}, Marko},
  title      = {Consistency in Non-Transactional Distributed Storage Systems},
  journal    = {ACM Comput. Surv.},
  issue_date = {July 2016},
  volume     = {49},
  number     = {1},
  month      = jun,
  year       = {2016},
  issn       = {0360-0300},
  pages      = {19:1--19:34},
  articleno  = {19},
  numpages   = {34},
  url        = {http://doi.acm.org/10.1145/2926965},
  doi        = {10.1145/2926965},
  acmid      = {2926965},
  publisher  = {ACM},
  address    = {New York, NY, USA}
} 

@article{Burckhardt:Book2014,
  author     = {Burckhardt, Sebastian},
  title      = {Principles of Eventual Consistency},
  journal    = {Found. Trends Program. Lang.},
  issue_date = {October 2014},
  volume     = {1},
  number     = {1-2},
  month      = oct,
  year       = {2014},
  issn       = {2325-1107},
  pages      = {1--150},
  numpages   = {150},
  url        = {http://dx.doi.org/10.1561/2500000011},
  doi        = {10.1561/2500000011},
  acmid      = {2693642},
  publisher  = {Now Publishers Inc.},
  address    = {Hanover, MA, USA}
} 

@inproceedings{Wei:PODC-BA2018,
  author    = {Wei, Hengfeng and Huang, Yu and Lu, Jian},
  title     = {Brief Announcement: Specification and Implementation of Replicated List: The Jupiter Protocol Revisited},
  booktitle = {Proceedings of the 2018 ACM Symposium on Principles of Distributed Computing},
  series    = {PODC '18},
  year      = {2018},
  pages     = {81--83},
  numpages  = {3},
  publisher = {ACM}
} 

@inproceedings{Wei:OPODIS2018,
  author    = {Hengfeng Wei and Yu Huang and Jian Lu},
  title     = {Specification and Implementation of Replicated List: The Jupiter Protocol
               Revisited},
  booktitle = {22nd International Conference on Principles of Distributed Systems, {OPODIS} 2018},
  pages     = {12:1--12:16},
  year      = {2018}
}

@inproceedings{Wei:TSE2020,
  author    = {Hengfeng Wei and Yu Huang and Jian Lu},
  title     = {Jupiter Made Abstract, and then Refined},
  booktitle = {Under review of {TSE} 2020}
}

@inproceedings{Wei:JOS2020,
  author    = {易星辰 and 魏恒峰 and 黄宇 and 乔磊 and 吕建},
  title     = {PaxosStore中共识算法 TPaxos 的推导、规约与精化},
  booktitle = {{软件学报} 2020 审稿中}
}

@article{Zheng:VLDB2017,
  author     = {Zheng, Jianjun and Lin, Qian and Xu, Jiatao and Wei, Cheng and Zeng, Chuwei and Yang, Pingan and Zhang, Yunfan},
  title      = {PaxosStore: High-availability Storage Made Practical in WeChat},
  journal    = {Proc. VLDB Endow.},
  issue_date = {August 2017},
  volume     = {10},
  number     = {12},
  month      = aug,
  year       = {2017},
  issn       = {2150-8097},
  pages      = {1730--1741},
  numpages   = {12},
  publisher  = {VLDB Endowment}
}

@article{Amazon:CACM2015,
  author     = {Newcombe, Chris and Rath, Tim and Zhang, Fan and Munteanu, Bogdan and Brooker, Marc and Deardeuff, Michael},
  title      = {How Amazon Web Services Uses Formal Methods},
  journal    = {Commun. ACM},
  issue_date = {April 2015},
  volume     = {58},
  number     = {4},
  month      = mar,
  year       = {2015},
  issn       = {0001-0782},
  pages      = {66--73},
  numpages   = {8},
  publisher  = {ACM}
} 

@phdthesis{Adya:PhDThesis1999,
  author = {Adya, Atul},
  title  = {Weak Consistency: A Generalized Theory and Optimistic Implementations for Distributed Transactions},
  year   = {1999},
  school = {Massachusetts Institute of Technology}
}

@inproceedings{Gotsman:CONCUR2015,
  author    = {Andrea Cerone and Giovanni Bernardi and Alexey Gotsman},
  title     = {{A Framework for Transactional Consistency Models with Atomic Visibility}},
  booktitle = {26th International Conference on Concurrency Theory (CONCUR 2015)},
  pages     = {58--71},
  series    = {Leibniz International Proceedings in Informatics (LIPIcs)},
  year      = {2015},
  volume    = {42},
  doi       = {10.4230/LIPIcs.CONCUR.2015.58}
}
  URL =		{http://drops.dagstuhl.de/opus/volltexte/2015/5375},

@article{Gotsman:JACM2018,
  author     = {Cerone, Andrea and Gotsman, Alexey},
  title      = {Analysing Snapshot Isolation},
  year       = {2018},
  issue_date = {March 2018},
  publisher  = {Association for Computing Machinery},
  volume     = {65},
  number     = {2},
  journal    = {J. ACM},
  month      = jan,
  articleno  = {11},
  numpages   = {41},
  doi        = {10.1145/3152396}
}
  url = {https://doi.org/10.1145/3152396},

% MongoDB-CCC
@article{Wei:JCST2022-Ouyang,
  author = {Ouyang, Hong-Rong and Wei$^\ast$, Heng-Feng and Li, Hai-Xiang and Pan, An-Qun and Huang, Yu},
  AUTHOR+an = {2=highlight},
  title = {Checking Causal Consistency of MongoDB},
  year = {2022},
  volume = {37},
  number = {1},
  journal = {J. Comput. Sci. Technol. (\textbf{JCST'2022})},
  month = {feb},
  pages = {128--146},
  doi = {10.1007/s11390-021-1662-8},
}

% Byz-GentleRain
@InProceedings{Wei:SSSBA2021-Huang,
  author = {Huang, Kaile and Wei$^{\ast}$, Hengfeng and Huang, Yu and Li, Haixiang and Pan, Anqun},
  AUTHOR+an = {2=highlight},
  title = {Brief Announcement: Byz-GentleRain: An Efficient Byzantine-Tolerant Causal Consistency Protocol},
  booktitle = {Stabilization, Safety, and Security of Distributed Systems (\textbf{SSS'2021})},
  pages = {495--499},
  year = {2021},
}

% RemoveWin
@inproceedings{Wei:ICPADS2021-Zhang,
  author = {Zhang, Yuqi and Wei$^{\ast}$, Hengfeng and Huang, Yu},
  AUTHOR+an = {2=highlight},
  title = {Remove-Win: a Design Framework for Conflict-free Replicated Data Types},
  booktitle = {2021 IEEE 27th International Conference on Parallel and Distributed Systems (\textbf{ICPADS'2021})},
  month = {12},
  pages = {607--614},
  year = {2021},
  doi = {10.1109/ICPADS53394.2021.00081}
}

% UniStore
@inproceedings{Wei:ATC2021,
  author = {Manuel Bravo and Alexey Gotsman and Borja de R{\'e}gil and Hengfeng Wei},
  AUTHOR+an = {4=highlight},
  title = {{UniStore}: A fault-tolerant marriage of causal and strong consistency},
  booktitle = {2021 USENIX Annual Technical Conference (\textbf{USENIX ATC'2021})},
  year = {2021},
  pages = {923--937},
  publisher = {USENIX Association},
  month = jul,
}

% Raft
@Article{Wei:JOS2021-Gu,
  author = {Gu, Xiaosong and Wei$^{\ast}$, Hengfeng and Qiao, Lei and Huang, Yu},
  AUTHOR+an = {2=highlight},
  title = {Raft with Out-of-order Executions},
  journal = {Journal of Software (\textbf{软件学报 JOS'2021})},
  volume = {32},
  number = {6},
  pages = {1748--1778},
  year = {2021},
  doi = {10.13328/j.cnki.jos.006248},
}

% ProbAtomicity
@article{Wei:TPDS2021-Ouyang,
  author={Ouyang, Lingzhi and Huang$^{\ast}$, Yu and Wei, Hengfeng and Lu, Jian},
  AUTHOR+an = {3=highlight},
  title={Achieving Probabilistic Atomicity With Well-Bounded Staleness and Low Read Latency in Distributed Datastores},
  journal={IEEE Transactions on Parallel and Distributed Systems (\textbf{TPDS'2021})},
  year={2021},
  volume={32},
  number={4},
  pages={815--829},
  doi={10.1109/TPDS.2020.3034328}
}

% MongoDB-CC
@inproceedings{Wei:Internetware2020-Ouyang,
  author = {Ouyang, Hongrong and Wei$^{\ast}$, Hengfeng and Huang, Yu},
  AUTHOR+an = {2=highlight},
  title = {Checking Causal Consistency of MongoDB},
  publisher = {Association for Computing Machinery},
  booktitle = {12th Asia-Pacific Symposium on Internetware (\textbf{Internetware'2020})},
%   series = {Internetware'2020},
  pages = {209-–216},
  year = {2020},
  doi = {10.1145/3457913.3457928},
}

% Jupiter
@article{Wei:JCST2020,
  author = {Wei, Hengfeng and Tang, Ruize and Huang, Yu and Lu, Jian},
  AUTHOR+an = {1=highlight},
  title = {Jupiter Made Abstract, and Then Refined},
  journal = {Journal of Computer Science and Technology (\textbf{JCST'2020})},
  volume = {35},
  number = {6},
  pages = {1343--1364},
  year = {2020},
  doi = {10.1007/s11390-020-0516-0},
}

% vis-ar
@inproceedings{Wei:SRDS2020-Jiang,
  author={Jiang, Xue and Wei$^{\ast}$, Hengfeng and Huang, Yu},
  AUTHOR+an = {2=highlight},
  title={A Generic Specification Framework for Weakly Consistent Replicated Data Types},
  booktitle={International Symposium on Reliable Distributed Systems (\textbf{SRDS'2020})},
  year={2020},
  pages={143--154},
  doi={10.1109/SRDS51746.2020.00022}
}

% fast
@inproceedings{Wei:PODC2020-Huang,
  author = {Huang, Kaile and Huang, Yu and Wei, Hengfeng},
  AUTHOR+an = {3=highlight},
  title = {Fine-Grained Analysis on Fast Implementations of Distributed Multi-Writer Atomic Registers},
  year = {2020},
  booktitle = {Proceedings of the 39th Symposium on Principles of Distributed Computing (\textbf{PODC'2020})},
  pages = {200--209},
%   series = {PODC '2020},
  doi = {10.1145/3382734.3405698},
  publisher = {Association for Computing Machinery},
}

% tpaxos
@article{Wei:JOS2020-Yi,
  author = {Yi, Xingchen and Wei$^{\ast}$, Hengfeng and Qiao, Lei and Huang, Yu and Lu, Jian},
  AUTHOR+an = {2=highlight},
  title = {TPaxos in PaxosStore: derivation, specification, and refinement},
  journal = {Journal of Software (\textbf{软件学报 JOS'2020})},
  volume = {31},
  number = {8},
  pages = {2336--2361},
  year = {2020},
  doi = {10.13328/j.cnki.jos.005964},
}

@article{Wei:JOS2020-Ji,
  author = {Ji, Ye and Wei$^{\ast}$, Hengfeng and Huang, Yu and Lu, Jian},
  AUTHOR+an = {2=highlight},
  title = {Specifying and verifying {CRDT} protocols using {TLA$^{+}$}},
  journal = {Journal of Software (\textbf{软件学报 JOS'2020})},
  year = {2020},
  volume = {31},
  number = {5},
  pages = {1332--1352},
  doi = {10.13328/j.cnki.jos.005956},
}

@inproceedings{Wei:OPODIS2018,
  author = {Hengfeng Wei and Yu Huang and Jian Lu},
  AUTHOR+an = {1=highlight},
  title = {Specification and implementation of replicated list: the {Jupiter} protocol revisited},
  booktitle = {22nd International Conference on Principles of Distributed Systems, (\textbf{OPODIS'2018}) },
  pages = {12:1--12:16},
  year = {2018},
  doi = {10.4230/LIPIcs.OPODIS.2018.12},
}

@inproceedings{Wei:PODC-BA2018,
  author = {Wei, Hengfeng and Huang, Yu and Lu, Jian},
  AUTHOR+an = {1=highlight},
  title = {Brief Announcement: specification and implementation of replicated list: the {Jupiter} protocol revisited},
  booktitle = {Proceedings of the 2018 ACM Symposium on Principles of Distributed Computing (\textbf{PODC'2018})},
%   series = {PODC '18},
  year = {2018},
  pages = {81--83},
  doi = {10.1145/3212734.3212778},
  publisher = {ACM},
}

@article{Wei:TC2017,
  author = {Wei, Hengfeng and Huang, Yu and Lu, Jian},
  AUTHOR+an = {1=highlight},
  title = {Probabilistically-Atomic 2-Atomicity: enabling almost strong consistency in distributed storage systems},
  journal = {IEEE Trans. Comput. (\textbf{TC'2017})},
  issue_date = {March 2017},
  volume = {66},
  number = {3},
  month = mar,
  year = {2017},
  pages = {502--514},
  doi = {10.1109/TC.2016.2601322},
}

@inproceedings{Wei:SRDS2017,
  author = {Wei, Hengfeng and Huang, Yu and Lu, Jian},
  AUTHOR+an = {1=highlight},
  title = {Parameterized and runtime-tunable snapshot isolation in distributed transactional key-value stores},
  booktitle = {2017 IEEE 36th Symposium on Reliable Distributed Systems (\textbf{SRDS'2017})},
  year = {2017},
  pages = {21--33},
  doi={10.1109/SRDS.2017.11},
  month = sep,
}

@article{Wei:TPDS2016,
  author = {Wei, Hengfeng and De Biasi, Marzio and Huang, Yu and Cao, Jiannong and Lu, Jian},
  AUTHOR+an = {1=highlight},
  title = {Verifying {Pipelined-RAM} consistency over read/write traces of data replicas},
  journal = {IEEE Trans. Parallel Distrib. Syst. (\textbf{TPDS'2016})},
  issue_date = {May 2016},
  volume = {27},
  number = {5},
  month = may,
  year = {2016},
  pages = {1511--1523},
  doi = {10.1109/TPDS.2015.2453985},
}

@phdthesis{Wei:PhDThesis2016,
  title = {Research on key technologies for the distributed data consistency problem},
  AUTHOR+an = {1=highlight},
  school = {Nanjing University},
  author = {Hengfeng Wei},
  year = {2016},
  note = {unpublished thesis},
  language = {Chinese},
  % url = {},
}

@inproceedings{Wei:PerCom2012,
  title = {Formal specification and runtime detection of temporal properties for asynchronous context},
  AUTHOR+an = {1=highlight},
  author = {Wei, Hengfeng and Huang, Yu and Cao, Jiannong and Ma, Xiaoxing and Lu, Jian},
  booktitle = {Proceedings of the 10th IEEE International Conference on Pervasive Computing and Communications (\textbf{PerCom'2012}), },
  year = {2012},
  pages = {30--38},
  url = {http://ieeexplore.ieee.org/document/6199846/},
}